<?xml version="1.0" encoding="UTF-8"?><collection xmlns="http://www.loc.gov/MARC21/slim"><record><leader>00424nam--2200169-i-4500</leader><controlfield tag="001">000047536</controlfield><controlfield tag="002">20161230</controlfield><controlfield tag="005">20161230201046</controlfield><controlfield tag="008">060222s1000------------r-----000-0-eng-d</controlfield><datafield ind1=" " ind2=" " tag="040"><subfield code="a">IFIN-HH</subfield></datafield><datafield ind1=" " ind2=" " tag="080"><subfield code="a">538.22</subfield></datafield><datafield ind1="1" ind2=" " tag="100"><subfield code="a">Williams, D.E.G</subfield></datafield><datafield ind1="1" ind2="0" tag="245"><subfield code="a">The magnetic properties of matter</subfield><subfield code="c">D.e.g. williams</subfield></datafield><datafield ind1=" " ind2=" " tag="260"><subfield code="a">London</subfield><subfield code="b">Longmans</subfield><subfield code="c">1966</subfield></datafield><datafield ind1=" " ind2=" " tag="300"><subfield code="a">232P</subfield></datafield><datafield ind1=" " ind2=" " tag="852"><subfield code="a">27664</subfield><subfield code="c">537:538</subfield></datafield><datafield ind1=" " ind2=" " tag="CAT"><subfield code="a">Sys</subfield><subfield code="c">20110614</subfield><subfield code="h">153237</subfield></datafield></record></collection>